@MISC{top,
	author = {Lovro},
	title = {Binary Search},
	editor = {topcoder.com},
	month = {September},
	year = {2015},
	url = {https://www.topcoder.com/community/data-science/data-science-tutorials/binary-search/},
	note = {[Online; posted September 2015]}
}

@MISC{wiki,
	author = {Wikipedia},
	editor = {Wikipedia, the free encyclopedia},
	title = {Binary search algorithm},
	url = {https://en.wikipedia.org/wiki/Binary_search_algorithm},
	note = {[Accessed; 27 Feb 2016]}
}

@MISC{khan,
	author = {Thomas Cormen and David Balkcom},
	editor = {Khan Academy},
	title = {Binary Search},
	url = {https://www.khanacademy.org/computing/computer-science/algorithms/binary-search/a/binary-search},
	note = {[Accessed; 27 Feb 2016]}
}

@Article{uni,
        author = {Parmar Kumbharana},
        title = {Comparing Linear Search and Binary Search Algorithms to Search an Element from a Linear List Implemented through Static Array, Dynamic Array and Linked List},
        journal = {International Journal of Computer Applications},
        year = {2015},
        volume = {121},
        number = {3},
        pages = {13-17},
}

