@MISC{wiki,
        author = {Wikipedia},
        editor = {Wikipedia, the free encyclopedia},
        title = {Sachin Tendulkar},
        url = {https://en.wikipedia.org/wiki/Sachin_Tendulkar},
        note = {[Accessed; 28 Feb 2016]}
}

@MISC{cric,
        author = {Saurabh Somani},
        editor = {cricbuzz},
        title = {Sachin Tendulkar, India},
        url = {http://www.cricbuzz.com/profiles/25/sachin-tendulkar#profile},
        note = {[Online; March 2014]}
}

@MISC{scoop,
        author = {Akarsh Mehrotra},
        editor = {scoopwhoop},
        title = {35 Fitting Quotes About Sachin Tendulkar That Prove Heâ€™s The God Of Cricket},
        url = {http://www.scoopwhoop.com/sports/sachin-tendulkar-quotes/},
        note = {[Online; 7 Feb 2015]}
}

